<?xml version="1.0" encoding="utf-8"?>
<record xmlns="http://www.loc.gov/MARC21/slim" xmlns:xsi="http://www.w3.org/2001/XMLSchema-instance" xsi:schemaLocation="http://www.loc.gov/MARC21/slim http://www.loc.gov/standards/marcxml/schema/MARC21slim.xsd">
	<leader>     nam a22        4500</leader>
	<controlfield tag="001">3068304</controlfield>
	<controlfield tag="003">NNC</controlfield>
	<controlfield tag="006">m        d        </controlfield>
	<controlfield tag="007">cr cn |||m|||a</controlfield>
	<controlfield tag="008">160519s1889    ua      o     000 0 ara d</controlfield>
	<datafield ind1=" " ind2=" " tag="040">
		<subfield code="a">NNU</subfield>
		<subfield code="b">eng</subfield>
		<subfield code="e">rda</subfield>
		<subfield code="c">NNU</subfield>
	</datafield>
	<datafield ind1="1" ind2=" " tag="100">
		<subfield code="6">880-01</subfield>
		<subfield code="a">Qarāfī, Aḥmad ibn Idrīs,</subfield>
		<subfield code="d">-1285.</subfield>
	</datafield>
	<datafield ind1="1" ind2="0" tag="245">
		<subfield code="6">880-02</subfield>
		<subfield code="a">Sharḥ Tanqīḥ al-fuṣūl fī-al-uṣūl /</subfield>
		<subfield code="c">li-muʼallifihi Shihāb-al-Dīn Abī al-ʻAbbās Aḥmad ibn Idrīs al-Qarāfī. Wa-bi-hāmishihi Sharḥ Aḥmad ibn Qāsim al-ʻUbādī ʻalá Sharḥ Jalāl al-Dīn Muḥammad ibn Aḥmad al-Maḥallī ʻalá al-Waraqāt fī al-uṣūl li-Imām al-Ḥaramayn ʻAbd-al-Malik ibn ʻAbd-Allāh al-Juwaynī.</subfield>
	</datafield>
	<datafield ind1=" " ind2=" " tag="250">
		<subfield code="6">880-03</subfield>
		<subfield code="a">al-Ṭabʻah 1.</subfield>
	</datafield>
	<datafield ind1=" " ind2=" " tag="260">
		<subfield code="6">880-04</subfield>
		<subfield code="a">Miṣr :</subfield>
		<subfield code="b">al-Maṭb. al-Khayrīyah,</subfield>
		<subfield code="c">1306 [1889]</subfield>
	</datafield>
	<datafield ind1=" " ind2=" " tag="300">
		<subfield code="a">online resource (208, 8 pages)</subfield>
	</datafield>
	<datafield ind1=" " ind2=" " tag="336">
		<subfield code="a">text</subfield>
		<subfield code="2">rdacontent</subfield>
	</datafield>
	<datafield ind1=" " ind2=" " tag="337">
		<subfield code="a">computer</subfield>
		<subfield code="2">rdamedia</subfield>
	</datafield>
	<datafield ind1=" " ind2=" " tag="338">
		<subfield code="a">online resource</subfield>
		<subfield code="2">rdacarrier</subfield>
	</datafield>
	<datafield ind1=" " ind2=" " tag="500">
		<subfield code="a">Part of the Arabic Collections Online (ACO) project, contributed by Columbia University Libraries.</subfield>
	</datafield>
	<datafield ind1=" " ind2=" " tag="533">
		<subfield code="a">Electronic reproduction.</subfield>
		<subfield code="b">New York, N.Y. :</subfield>
		<subfield code="c">New York University,</subfield>
		<subfield code="d">2016.</subfield>
		<subfield code="5">NNU</subfield>
	</datafield>
	<datafield ind1="1" ind2="0" tag="600">
		<subfield code="6">880-05</subfield>
		<subfield code="a">Qarāfī, Aḥmad ibn Idrīs,</subfield>
		<subfield code="d">-1285.</subfield>
		<subfield code="t">Tanqīḥ al-fuṣūl fī ikhtiṣār al-Maḥṣūl fī al-uṣūl.</subfield>
	</datafield>
	<datafield ind1="1" ind2="0" tag="600">
		<subfield code="6">880-06</subfield>
		<subfield code="a">Imām al-Ḥaramayn al-Juwaynī, ʻAbd al-Malik ibn ʻAbd Allāh,</subfield>
		<subfield code="d">1028-1085.</subfield>
		<subfield code="t">Waraqāt.</subfield>
	</datafield>
	<datafield ind1="1" ind2="0" tag="600">
		<subfield code="6">880-07</subfield>
		<subfield code="a">Maḥallī, Jalāl al-Dīn Muḥammad ibn Aḥmad,</subfield>
		<subfield code="d">1389-1459.</subfield>
		<subfield code="t">Sharḥ al-Waraqāt fī al-uṣūl.</subfield>
	</datafield>
	<datafield ind1=" " ind2="4" tag="650">
		<subfield code="a">Islamic lawlxInterpertation and construction</subfield>
		<subfield code="v">Early works to 1800.</subfield>
	</datafield>
	<datafield ind1="1" ind2=" " tag="700">
		<subfield code="6">880-08</subfield>
		<subfield code="a">Ibn Qāsim al-ʻAbbādī, Aḥmad,</subfield>
		<subfield code="d">-approximately 1585.</subfield>
	</datafield>
	<datafield ind1="2" ind2=" " tag="710">
		<subfield code="a">Columbia University.</subfield>
		<subfield code="b">Libraries.</subfield>
	</datafield>
	<datafield ind1="0" ind2=" " tag="730">
		<subfield code="a">Arabic Collections Online.</subfield>
	</datafield>
	<datafield ind1="0" ind2="8" tag="776">
		<subfield code="i">Print version:</subfield>
		<subfield code="a">Qarāfī, Aḥmad ibn Idrīs, -1285.</subfield>
		<subfield code="t">Sharḥ Tanqīḥ al-fuṣūl fī-al-uṣūl</subfield>
		<subfield code="w">(NNC)3068304</subfield>
		<subfield code="w">(OCoLC)122884936</subfield>
	</datafield>
	<datafield ind1="4" ind2="0" tag="856">
		<subfield code="u">http://hdl.handle.net/2333.1/fttdz2vh</subfield>
	</datafield>
	<datafield ind1="1" ind2=" " tag="880">
		<subfield code="6">100-01/r</subfield>
		<subfield code="a">قرافي، أحمد بن إدريس.</subfield>
	</datafield>
	<datafield ind1="1" ind2="0" tag="880">
		<subfield code="6">245-02/r</subfield>
		<subfield code="a">شرح تنقيح الفصول في الأصول /</subfield>
		<subfield code="c">لمؤلفه شهاب الدين أبي العباس أحمد بن إدريس القرافي. وبهامشه شرح أحمد بن قاسم العبادي على شرح جلال الدين محمد بن أحمد المحلي على الورقات في الأصول لإمام الحرمين عبد الملك بن عبد الله الجويني.</subfield>
	</datafield>
	<datafield ind1=" " ind2=" " tag="880">
		<subfield code="6">250-03/r</subfield>
		<subfield code="a">الطبعة ١.</subfield>
	</datafield>
	<datafield ind1=" " ind2=" " tag="880">
		<subfield code="6">260-04/r</subfield>
		<subfield code="a">مصر :</subfield>
		<subfield code="b">المطبعة الخيرية،</subfield>
		<subfield code="c">١٣٠٦ [١٨٨٩]</subfield>
	</datafield>
	<datafield ind1="1" ind2="4" tag="880">
		<subfield code="6">600-05/r</subfield>
		<subfield code="a">قرافي، أحمد بن إدريس.</subfield>
		<subfield code="t">تنقيح الفصول في اختصار المحصول في الأصول.</subfield>
	</datafield>
	<datafield ind1="1" ind2="4" tag="880">
		<subfield code="6">600-06/r</subfield>
		<subfield code="a">إمام الحرمين الجويني، عبد الملك بن عبد الله.</subfield>
		<subfield code="t">ورقات.</subfield>
	</datafield>
	<datafield ind1="1" ind2="4" tag="880">
		<subfield code="6">600-07/r</subfield>
		<subfield code="a">محلي، جلال الدين محمد بن أحمد.</subfield>
		<subfield code="t">شرح الورقات في الأصول.</subfield>
	</datafield>
	<datafield ind1="1" ind2=" " tag="880">
		<subfield code="6">700-08/r</subfield>
		<subfield code="a">ابن قاسم العبادي، أحمد.</subfield>
	</datafield>
	<datafield ind1=" " ind2=" " tag="959">
		<subfield code="a">NNU</subfield>
		<subfield code="b">WEB</subfield>
		<subfield code="c">GENI</subfield>
		<subfield code="t">0</subfield>
		<subfield code="m">Electronic access</subfield>
		<subfield code="s">01</subfield>
	</datafield>
	<datafield ind1=" " ind2=" " tag="999">
		<subfield code="i">NNC_3068304</subfield>
		<subfield code="o">(OCoLC)ocn122884936</subfield>
		<subfield code="s">columbia_aco001018</subfield>
	</datafield>
</record>
